@BOOK{CompetitiveProgramming3,
author = {Halim Steven and Halim Felix},
year = 2013,
title = {Competitive programming 3},
edition = 3,
}

@misc{disjointSet:Online,
author = {Halim Steven and Halim Felix},
title = {ch2_08_unionfind_ds.cpp},
year = {2012},
howpublished = "url{https://github.com/BrockCSC/acm-icpc/blob/master/resources/c%2B%2B_and_stl/ch2-Data_Structures/ch2_08_unionfind_ds.cpp}",
urldate = {21-10-2017}
}

@ARTICLE{Alfonso2010a,
author = {M. Alfonso and B. Bernardo and C. Carlos and D. Domingo},
title = {El problema de los gatos y los perros},
journal = {Mascotas},
year = {2010},
volume = {50},
pages = {112-115}
}

@ARTICLE{Alfonso2010b,
author = {M. Alfonso and M. Marta and N. Nuria},
title = {Mi viaje a {EEUU}},
journal = {Revista de viajes},
year = {2010},
volume = {14},
pages = {50-56}
}

@ARTICLE{Patricio2011,
author = {A. Patricio},
title = {Una estrella rosa en el fondo del mar},
journal = {El mar},
year = {2011},
volume = {3},
pages = {1071-1090}
}

@ARTICLE{Zacarias2009,
author = {R. Zacarias and G. Graciela},
title = {¿{C}uál te gusta más?},
journal = {Flores},
year = {2009},
volume = {5},
pages = {45-49}
}

@misc{SemilleroProgramacion:Online,
author = {Ana Echavarría,Juan Francisco Cardona},
title = {semillero de programación de la Universidad EAFIT},
year = {2013},
howpublished = "url{https://github.com/anaechavarria/SemilleroProgramacion}",
urldate = {10-10-2017}
}

@misc{GFDL:Online,
author = {Free Software Foundation},
title = {licencia gfdl},
year = {2017},
howpublished = "url{https://www.gnu.org/licenses/fdl-1.3.en.html}",
urldate = {10-10-2017}
}

@misc{Visualgo:Online,
author = {Visualgo},
title = {Floyd’s Cycle-Finding},
year = {2017},
howpublished = "url{https://visualgo.net/es/cyclefinding}",
urldate = {10-10-2017}
}
